@inproceedings{mildenhall2020nerf,
 title={NeRF: Representing Scenes as Neural Radiance Fields for View Synthesis},
 author={Ben Mildenhall and Pratul P. Srinivasan and Matthew Tancik and Jonathan T. Barron and Ravi Ramamoorthi and Ren Ng},
 year={2020},
 booktitle={ECCV},
} # NeRF

@InProceedings{Jain_2021_ICCV,
  author = {Jain, Ajay and Tancik, Matthew and Abbeel, Pieter},
  title = {Putting NeRF on a Diet: Semantically Consistent Few-Shot View Synthesis},
  booktitle = {Proceedings of the IEEE/CVF International Conference on Computer Vision (ICCV)},
  month = {October},
  year = {2021},
  pages = {5885-5894}
} # DietNeRF

@InProceedings{kangle2021dsnerf,
    author    = {Deng, Kangle and Liu, Andrew and Zhu, Jun-Yan and Ramanan, Deva},
    title     = {Depth-supervised {NeRF}: Fewer Views and Faster Training for Free},
    booktitle = {Proceedings of the IEEE/CVF Conference on Computer Vision and Pattern Recognition (CVPR)},
    month     = {June},
    year      = {2022}
} # DS-NeRF

@InProceedings{Roessle_2022_CVPR,
    author    = {Roessle, Barbara and Barron, Jonathan T. and Mildenhall, Ben and Srinivasan, Pratul P. and Nie{\ss}ner, Matthias},
    title     = {Dense Depth Priors for Neural Radiance Fields From Sparse Input Views},
    booktitle = {Proceedings of the IEEE/CVF Conference on Computer Vision and Pattern Recognition (CVPR)},
    month     = {June},
    year      = {2022},
    pages     = {12892-12901}
} # DDP-NeRF

@InProceedings{Niemeyer2021Regnerf,
    author    = {Michael Niemeyer and Jonathan T. Barron and Ben Mildenhall and Mehdi S. M. Sajjadi and Andreas Geiger and Noha Radwan},  
    title     = {RegNeRF: Regularizing Neural Radiance Fields for View Synthesis from Sparse Inputs},
    booktitle = {Proc. IEEE Conf. on Computer Vision and Pattern Recognition (CVPR)},
    year      = {2022},
} # RegNeRF

@inproceedings{SRF,
    title = {Stereo Radiance Fields (SRF): Learning View Synthesis from Sparse Views of Novel Scenes },
    author = {Chibane, Julian and Bansal, Aayush and Lazova, Verica and Pons-Moll, Gerard},
    booktitle = {{IEEE} Conference on Computer Vision and Pattern Recognition (CVPR)},
    month = {jun},
    organization = {{IEEE}},
    year = {2021},
} # SRF

@inproceedings{mvsnerf,
    title={Mvsnerf: Fast generalizable radiance field reconstruction from multi-view stereo},
    author={Chen, Anpei and Xu, Zexiang and Zhao, Fuqiang and Zhang, Xiaoshuai and Xiang, Fanbo and Yu, Jingyi and Su, Hao},
    booktitle={Proceedings of the IEEE/CVF International Conference on Computer Vision},
    pages={14124--14133},
    year={2021}
} # MVSNeRF

@inproceedings{yu2020pixelnerf,
      title={{pixelNeRF}: Neural Radiance Fields from One or Few Images},
      author={Alex Yu and Vickie Ye and Matthew Tancik and Angjoo Kanazawa},
      year={2021},
      booktitle={CVPR},
} # pixelNeRF
      
@inproceedings{mueller2022autorf,
  author    = {M{\"{u}}ller, Norman and Simonelli, Andrea and Porzi, Lorenzo and Bulò, Samuel Rota and Nie{\ss}ner, Matthias and Kontschieder, Peter},
  title     = {AutoRF: Learning 3D Object Radiance Fields from Single View Observations},
  booktitle = {Proceedings of the IEEE/CVF Conference on Computer Vision and Pattern Recognition (CVPR)},
  month     = {June},
  year      = {2022},
} # AutoRF

@InProceedings{Xu_2022_SinNeRF,
    author = {Xu, Dejia and Jiang, Yifan and Wang, Peihao and Fan, Zhiwen and Shi, Humphrey and Wang, Zhangyang},
    title = {SinNeRF: Training Neural Radiance Fields on Complex Scenes from a Single Image},
    journal={arXiv preprint arXiv:2204.00928},
    year={2022}
} # SinNeRF

@inproceedings {lin2023visionnerf,
    booktitle = {WACV},
    title = {Vision Transformer for NeRF-Based View Synthesis from a Single Input Image},
    author = {Lin, Kai-En and Yen-Chen, Lin and Lai, Wei-Sheng and Lin, Tsung-Yi and Shih, Yi-Chang and Ramamoorthi, Ravi},
    year = {2023},
} # VisionNeRF

@inproceedings{zhang2021ners,
  title={{NeRS}: Neural Reflectance Surfaces for Sparse-view 3D Reconstruction in the Wild},
  author={Zhang, Jason Y. and Yang, Gengshan and Tulsiani, Shubham and Ramanan, Deva},
  booktitle={Conference on Neural Information Processing Systems},
  year={2021}
} # NeRS

@article{DBLP:journals/corr/abs-2103-00020,
  author    = {Alec Radford and
               Jong Wook Kim and
               Chris Hallacy and
               Aditya Ramesh and
               Gabriel Goh and
               Sandhini Agarwal and
               Girish Sastry and
               Amanda Askell and
               Pamela Mishkin and
               Jack Clark and
               Gretchen Krueger and
               Ilya Sutskever},
  title     = {Learning Transferable Visual Models From Natural Language Supervision},
  journal   = {CoRR},
  volume    = {abs/2103.00020},
  year      = {2021},
  url       = {https://arxiv.org/abs/2103.00020},
  eprinttype = {arXiv},
  eprint    = {2103.00020},
  timestamp = {Thu, 04 Mar 2021 17:00:40 +0100},
  biburl    = {https://dblp.org/rec/journals/corr/abs-2103-00020.bib},
  bibsource = {dblp computer science bibliography, https://dblp.org}
} # CLIP

@INPROCEEDINGS{6909453,
  author={Jensen, Rasmus and Dahl, Anders and Vogiatzis, George and Tola, Engil and Aanæs, Henrik},
  booktitle={2014 IEEE Conference on Computer Vision and Pattern Recognition}, 
  title={Large Scale Multi-view Stereopsis Evaluation}, 
  year={2014},
  volume={},
  number={},
  pages={406-413},
  doi={10.1109/CVPR.2014.59}
} # DTU Dataset